<?xml version="1.0" encoding="UTF-8"?><collection xmlns="http://www.loc.gov/MARC21/slim"><record><leader>00769nam--2200217-i-4500</leader><controlfield tag="001">000017346</controlfield><controlfield tag="002">20161230</controlfield><controlfield tag="005">20161230201032</controlfield><controlfield tag="008">060222s1000------------r-----000-0-eng-d</controlfield><datafield ind1=" " ind2=" " tag="020"><subfield code="a">9810232276</subfield></datafield><datafield ind1=" " ind2=" " tag="041"><subfield code="a">IFIN-HH</subfield></datafield><datafield ind1=" " ind2=" " tag="080"><subfield code="a">539.172.17(061.3)</subfield></datafield><datafield ind1="1" ind2=" " tag="100"><subfield code="a">Petrovici, Mihai /S.A.</subfield></datafield><datafield ind1="1" ind2="0" tag="245"><subfield code="a">Heavy ion physics at low, intermediste and relativistic energies using 4pi detectors</subfield><subfield code="b">Proceedings of international research workshop, poiana brasov, romania, october 7-14, 1996</subfield><subfield code="c">MIHAI PETROVICI, A. SANDULESCU; D. PELTE; H. STOCKER; J. RANDRUP (Eds.)</subfield></datafield><datafield ind1=" " ind2=" " tag="260"><subfield code="a">Singapore</subfield><subfield code="b">World Scientific</subfield><subfield code="c">1997</subfield></datafield><datafield ind1=" " ind2=" " tag="300"><subfield code="a">X + 454 P</subfield></datafield><datafield ind1=" " ind2=" " tag="490"><subfield code="a">Proceedings</subfield></datafield><datafield ind1=" " ind2="0" tag="650"><subfield code="a">Heavy ions</subfield></datafield><datafield ind1="1" ind2=" " tag="700"><subfield code="a">Randrup, J</subfield><subfield code="e">Ed</subfield></datafield><datafield ind1=" " ind2=" " tag="852"><subfield code="a">80868</subfield><subfield code="c">539.17</subfield></datafield><datafield ind1=" " ind2=" " tag="CAT"><subfield code="a">Sys</subfield><subfield code="c">20120628</subfield><subfield code="h">171005</subfield></datafield></record></collection>